<record xmlns="http://www.loc.gov/MARC21/slim" xmlns:xsi="http://www.w3.org/2001/XMLSchema-instance" xsi:schemaLocation="http://www.loc.gov/MARC21/slim http://www.loc.gov/standards/marcxml/schema/MARC21slim.xsd"><leader>     nam a22        4500</leader><controlfield tag="001">7491388</controlfield><controlfield tag="003">NIC</controlfield><controlfield tag="006">m        d        </controlfield><controlfield tag="007">cr cn |||m|||a</controlfield><controlfield tag="008">150323s1936    ua      ob    000 0 ara d</controlfield><datafield ind1=" " ind2=" " tag="040"><subfield code="a">NNU</subfield><subfield code="b">eng</subfield><subfield code="e">rda</subfield><subfield code="c">NNU</subfield></datafield><datafield ind1=" " ind2=" " tag="043"><subfield code="a">e-gr---</subfield></datafield><datafield ind1=" " ind2="4" tag="050"><subfield code="a">B293</subfield><subfield code="b">.A74 M47</subfield></datafield><datafield ind1="1" ind2="4" tag="050"><subfield code="a">B293.A7</subfield><subfield code="b">M39 1936</subfield></datafield><datafield ind1=" " ind2="4" tag="082"><subfield code="a">182.2</subfield></datafield><datafield ind1="1" ind2=" " tag="100"><subfield code="6">880-01</subfield><subfield code="a">Maz&#803;har, Isma&#772;&#699;i&#772;l.</subfield></datafield><datafield ind1="1" ind2="0" tag="245"><subfield code="6">880-02</subfield><subfield code="a">Falsafat al-ladhdhah wa-al-alam :</subfield><subfield code="b">Arist&#803;ubbus wa-shi&#772;&#699;atuhu : as&#803;h&#803;a&#772;b al-madhhab al-qu&#772;ri&#772;ni&#772; fi&#772; falsafat al-ladhdhah wa-al-alam, ma&#699;a lamh&#803;ah ila&#769; ta&#772;ri&#772;kh al-madhhab wa-tat&#803;awwurihi mundhu nasha&#772;&#700;tihi ila&#769; al-a&#772;n, mashfu&#772;&#699;ah bi-muqa&#772;rana&#772;t shatta&#769; tadu&#772;r h&#803;awla ittikha&#772;dh al-ladhdhah al-ra&#772;hibah asa&#772;san lil-sulu&#772;k /</subfield><subfield code="c">Isma&#772;&#699;i&#772;l Maz&#803;har.</subfield></datafield><datafield ind1=" " ind2=" " tag="260"><subfield code="6">880-03</subfield><subfield code="a">[Cairo, Egypt] :</subfield><subfield code="b">[publisher not identified],</subfield><subfield code="c">[1936]</subfield><subfield code="e">(al-Qa&#772;hirah :</subfield><subfield code="f">al-Maktabah al-Nahd&#803;ah al-Misriyah)</subfield></datafield><datafield ind1=" " ind2=" " tag="300"><subfield code="a">online resource (258 pages)</subfield></datafield><datafield ind1=" " ind2=" " tag="336"><subfield code="a">text</subfield><subfield code="2">rdacontent</subfield></datafield><datafield ind1=" " ind2=" " tag="337"><subfield code="a">computer</subfield><subfield code="2">rdamedia</subfield></datafield><datafield ind1=" " ind2=" " tag="338"><subfield code="a">online resource</subfield><subfield code="2">rdacarrier</subfield></datafield><datafield ind1=" " ind2=" " tag="500"><subfield code="a">Part of the Arabic Collections Online (ACO) project, contributed by Cornell University Libraries.</subfield></datafield><datafield ind1=" " ind2=" " tag="504"><subfield code="a">Includes bibliographical references.</subfield></datafield><datafield ind1=" " ind2=" " tag="533"><subfield code="a">Electronic reproduction.</subfield><subfield code="b">New York, N.Y. :</subfield><subfield code="c">New York University,</subfield><subfield code="d">2015.</subfield><subfield code="5">NNU</subfield></datafield><datafield ind1="0" ind2="0" tag="600"><subfield code="a">Aristippus,</subfield><subfield code="d">435 B.C.?-356 B.C.?</subfield></datafield><datafield ind1=" " ind2="0" tag="650"><subfield code="a">Philosophers</subfield><subfield code="z">Greece.</subfield></datafield><datafield ind1=" " ind2="0" tag="650"><subfield code="a">Philosophy, Ancient.</subfield></datafield><datafield ind1=" " ind2="0" tag="650"><subfield code="a">Hedonism.</subfield></datafield><datafield ind1="0" ind2="7" tag="600"><subfield code="a">Aristippus,</subfield><subfield code="d">435 B.C.?-356 B.C.?</subfield><subfield code="2">fast</subfield><subfield code="0">(OCoLC)fst01805108</subfield></datafield><datafield ind1=" " ind2="7" tag="650"><subfield code="a">Hedonism.</subfield><subfield code="2">fast</subfield><subfield code="0">(OCoLC)fst00954467</subfield></datafield><datafield ind1=" " ind2="7" tag="650"><subfield code="a">Philosophers.</subfield><subfield code="2">fast</subfield><subfield code="0">(OCoLC)fst01060746</subfield></datafield><datafield ind1=" " ind2="7" tag="650"><subfield code="a">Philosophy, Ancient.</subfield><subfield code="2">fast</subfield><subfield code="0">(OCoLC)fst01060860</subfield></datafield><datafield ind1=" " ind2="7" tag="651"><subfield code="a">Greece.</subfield><subfield code="2">fast</subfield><subfield code="0">(OCoLC)fst01208380</subfield></datafield><datafield ind1="2" ind2=" " tag="710"><subfield code="a">Cornell University.</subfield><subfield code="b">Libraries.</subfield></datafield><datafield ind1="0" ind2=" " tag="730"><subfield code="a">Arabic Collections Online.</subfield></datafield><datafield ind1="0" ind2="8" tag="776"><subfield code="i">Print version:</subfield><subfield code="a">Maz&#803;har, Isma&#772;&#699;i&#772;l.</subfield><subfield code="t">Falsafat al-ladhdhah wa-al-alam</subfield><subfield code="w">(NIC)7491388</subfield><subfield code="w">(OCoLC)23507775</subfield></datafield><datafield ind1="4" ind2="0" tag="856"><subfield code="u">http://hdl.handle.net/2333.1/j3tx989b</subfield></datafield><datafield ind1="1" ind2=" " tag="880"><subfield code="6">100-01/r</subfield><subfield code="a">&#1605;&#1592;&#1607;&#1585;&#1548; &#1575;&#1587;&#1605;&#1575;&#1593;&#1610;&#1604;.</subfield></datafield><datafield ind1="1" ind2="0" tag="880"><subfield code="6">245-02/r</subfield><subfield code="a">&#1601;&#1604;&#1587;&#1601;&#1577; &#1575;&#1604;&#1604;&#1584;&#1577; &#1608;&#1575;&#1604;&#1575;&#1604;&#1605; :</subfield><subfield code="b">&#1575;&#1585;&#1587;&#1591;&#1576;&#1587; &#1608;&#1588;&#1610;&#1593;&#1578;&#1607; : &#1575;&#1589;&#1581;&#1575;&#1576; &#1575;&#1604;&#1605;&#1584;&#1607;&#1576; &#1575;&#1604;&#1602;&#1608;&#1585;&#1610;&#1606;&#1610; &#1601;&#1610; &#1601;&#1604;&#1587;&#1601;&#1577; &#1575;&#1604;&#1604;&#1584;&#1577; &#1608;&#1575;&#1604;&#1575;&#1604;&#1605;&#1548; &#1605;&#1593; &#1604;&#1605;&#1581;&#1577; &#1575;&#1604;&#1609; &#1578;&#1575;&#1585;&#1610;&#1582; &#1575;&#1604;&#1605;&#1584;&#1607;&#1576; &#1608;&#1578;&#1591;&#1608;&#1585;&#1607; &#1605;&#1606;&#1584; &#1606;&#1588;&#1575;&#1569;&#1578;&#1607; &#1575;&#1604;&#1609; &#1575;&#1604;&#1575;&#1606;&#1548; &#1605;&#1588;&#1601;&#1608;&#1593;&#1577; &#1576;&#1605;&#1602;&#1575;&#1585;&#1606;&#1575;&#1578; &#1588;&#1578;&#1609; &#1578;&#1583;&#1608;&#1585; &#1581;&#1608;&#1604; &#1575;&#1578;&#1582;&#1575;&#1584; &#1575;&#1604;&#1604;&#1584;&#1577; &#1575;&#1604;&#1585;&#1575;&#1607;&#1576;&#1577; &#1575;&#1587;&#1575;&#1587;&#1606; &#1604;&#1604;&#1587;&#1604;&#1608;&#1603; /</subfield><subfield code="c">&#1575;&#1587;&#1605;&#1575;&#1593;&#1610;&#1604; &#1605;&#1592;&#1607;&#1585;.</subfield></datafield><datafield ind1=" " ind2=" " tag="880"><subfield code="6">260-03/r</subfield><subfield code="a">[Cairo, Egypt] :</subfield><subfield code="b">[publisher not identified],</subfield><subfield code="c">[1936]</subfield><subfield code="e">(al-Qa&#772;hirah (&#1575;&#1604;&#1602;&#1575;&#1607;&#1585;&#1577; :</subfield><subfield code="f">&#1575;&#1604;&#1605;&#1603;&#1578;&#1576;&#1577; &#1575;&#1604;&#1606;&#1607;&#1590;&#1577; &#1575;&#1604;&#1605;&#1589;&#1585;&#1610;&#1607;)</subfield></datafield><datafield ind1=" " ind2=" " tag="959"><subfield code="a">NNU</subfield><subfield code="b">WEB</subfield><subfield code="c">GENI</subfield><subfield code="t">0</subfield><subfield code="m">Electronic access</subfield><subfield code="s">01</subfield></datafield><datafield ind1=" " ind2=" " tag="999"><subfield code="i">NIC_7491388</subfield><subfield code="o">(OCoLC)ocm23507775</subfield><subfield code="s">cornell_aco000207</subfield><subfield code="e">(ERROR-880)</subfield><subfield code="s">cornell_aco000207</subfield></datafield></record>